<record><leader>00000cas a22000007a 4500</leader><controlfield tag="001">14183366</controlfield><controlfield tag="008">860905d18821883txuwr ne      0    0eng d</controlfield><datafield ind1=" " ind2=" " tag="010"><subfield code="a">sn 86088843 </subfield></datafield><datafield ind1=" " ind2=" " tag="040"><subfield code="a">PPM</subfield><subfield code="b">eng</subfield><subfield code="c">PPM</subfield><subfield code="d">OCL</subfield><subfield code="d">OCLCQ</subfield></datafield><datafield ind1=" " ind2=" " tag="042"><subfield code="a">msc</subfield></datafield><datafield ind1="0" ind2="4" tag="245"><subfield code="a">The Runnels County record.</subfield></datafield><datafield ind1="1" ind2="3" tag="246"><subfield code="a">Runnels record</subfield></datafield><datafield ind1="1" ind2="3" tag="246"><subfield code="a">Weekly Runnels record</subfield></datafield><datafield ind1="1" ind2="7" tag="246"><subfield code="a">Record</subfield></datafield><datafield ind1=" " ind2=" " tag="260"><subfield code="a">Runnels, Tex. :</subfield><subfield code="b">I.C. Huege</subfield></datafield><datafield ind1=" " ind2=" " tag="300"><subfield code="a">2 v. :</subfield><subfield code="b">ill. ;</subfield><subfield code="c">56 cm.</subfield></datafield><datafield ind1=" " ind2=" " tag="310"><subfield code="a">Weekly</subfield></datafield><datafield ind1="1" ind2=" " tag="362"><subfield code="a">Began in 1882; ceased in 1883.</subfield></datafield><datafield ind1=" " ind2=" " tag="588"><subfield code="a">Description based on: Vol. 1, no. 4 (Apr. 15, 1882).</subfield></datafield><datafield ind1=" " ind2=" " tag="752"><subfield code="a">United States</subfield><subfield code="b">Texas</subfield><subfield code="c">Runnels</subfield><subfield code="d">Runnels.</subfield></datafield><datafield ind1="0" ind2="0" tag="780"><subfield code="t">Texas eagle (Buffalo Gap, Tex.)</subfield><subfield code="w">(DLC)sn 88083117</subfield></datafield><datafield ind1="0" ind2="0" tag="785"><subfield code="t">Runnels record</subfield><subfield code="w">(OCoLC)14183470</subfield></datafield></record>